@inproceedings{panayotov2015librispeech,
  title        = {Librispeech: an asr corpus based on public domain audio books},
  author       = {Panayotov, Vassil and Chen, Guoguo and Povey, Daniel and Khudanpur, Sanjeev},
  booktitle    = {2015 IEEE international conference on acoustics, speech and signal processing (ICASSP)},
  pages        = {5206--5210},
  year         = {2015},
  organization = {IEEE}
}

@inproceedings{cai2004hmm,
  title     = {HMM-based audio keyword generation},
  author    = {Cai, Jianfei and Chia, Liang-Tien and Xu, Changsheng and Tian, Qi and Xu, Min},
  booktitle = {Kiyoharu Aizawa, Yuichi Nakamura, Shin'ichi Satoh. Advances in Multimedia Information Processing-PCM 2004: 5th Pacific Rim Conference on Multimedia.},
  year      = {2004}
}

@inproceedings{wan2018generalized,
  title        = {Generalized end-to-end loss for speaker verification},
  author       = {Wan, Li and Wang, Quan and Papir, Alan and Moreno, Ignacio Lopez},
  booktitle    = {2018 IEEE International Conference on Acoustics, Speech and Signal Processing (ICASSP)},
  pages        = {4879--4883},
  year         = {2018},
  organization = {IEEE}
}

@inproceedings{liu2020mockingjay,
  title        = {Mockingjay: Unsupervised speech representation learning with deep bidirectional transformer encoders},
  author       = {Liu, Andy T and Yang, Shu-wen and Chi, Po-Han and Hsu, Po-chun and Lee, Hung-yi},
  booktitle    = {ICASSP 2020-2020 IEEE International Conference on Acoustics, Speech and Signal Processing (ICASSP)},
  pages        = {6419--6423},
  year         = {2020},
  organization = {IEEE}
}

@article{devlin2018bert,
  title   = {Bert: Pre-training of deep bidirectional transformers for language understanding},
  author  = {Devlin, Jacob and Chang, Ming-Wei and Lee, Kenton and Toutanova, Kristina},
  journal = {arXiv preprint arXiv:1810.04805},
  year    = {2018}
}

@inproceedings{schroff2015facenet,
  title     = {Facenet: A unified embedding for face recognition and clustering},
  author    = {Schroff, Florian and Kalenichenko, Dmitry and Philbin, James},
  booktitle = {Proceedings of the IEEE conference on computer vision and pattern recognition},
  pages     = {815--823},
  year      = {2015}
}

@book{qiu2020nndl,
  title     = {神经网络与深度学习},
  publisher = {机械工业出版社},
  year      = {2020},
  author    = {邱锡鹏},
  address   = {北京},
  isbn      = {9787111649687},
  url       = {https://nndl.github.io/}
}
